@article{dehaan2015market,
  title={Market (in) attention and the strategic scheduling and timing of earnings announcements},
  author={DeHaan, Ed and Shevlin, Terry and Thornock, Jacob},
  journal={Journal of Accounting and Economics},
  volume={60},
  number={1},
  pages={36--55},
  year={2015},
  publisher={Elsevier}
}
% Encoding: UTF-8
@article{fama1997industry,
  title={Industry costs of equity},
  author={Fama, Eugene F and French, Kenneth R},
  journal={Journal of financial economics},
  volume={43},
  number={2},
  pages={153--193},
  year={1997},
  publisher={Elsevier}
}

@article{hoberg2016text,
  title={Text-based network industries and endogenous product differentiation},
  author={Hoberg, Gerard and Phillips, Gordon},
  journal={Journal of Political Economy},
  volume={124},
  number={5},
  pages={1423--1465},
  year={2016},
  publisher={University of Chicago Press Chicago, IL}
}
@article{hoberg2010product,
  title={Product market synergies and competition in mergers and acquisitions: A text-based analysis},
  author={Hoberg, Gerard and Phillips, Gordon},
  journal={The Review of Financial Studies},
  volume={23},
  number={10},
  pages={3773--3811},
  year={2010},
  publisher={Oxford University Press}
}

@article{back2021asset,
  title={The Asset Pricing Implications of Plausible Deniability},
  author={Back, Kerry and Carlin, Bruce I and Kazempour, Seyed Mohammad},
  year={2021},
  institution={National Bureau of Economic Research}
}
@article{noh2021calendar,
  title={Calendar rotations: A new approach for studying the impact of timing using earnings announcements},
  author={Noh, Suzie and So, Eric C and Verdi, Rodrigo S},
  journal={Journal of Financial Economics},
  volume={140},
  number={3},
  pages={865--893},
  year={2021},
  publisher={Elsevier}
}

@article{bernstein2015ipo,
  title={Does going public affect innovation?},
  author={Bernstein, Shai},
  journal={The Journal of finance},
  volume={70},
  number={4},
  pages={1365--1403},
  year={2015},
  publisher={Wiley Online Library}
}





@Article{adk,
  author  = {Viral V. Acharya and Peter De{M}arzo and Ilan Kremer},
  journal = {American Economic Review},
  title   = {Endogenous Information Flows and the Clustering of Announcements},
  year    = {2011},
  pages   = {2955-2979},
  volume  = {101},
}



@Article{ross,
  author  = {Stephen A. Ross},
  journal = {Journal of Finance},
  title   = {Information and Volatility: The No-Arbitrage Martingale Approach to Timing and Resolution Irrelevancy},
  year    = {1989},
  pages   = {1-17},
  volume  = {44},
}

@Article{cohen07,
  author  = {Daniel A. Cohen and Aiyesha Dey and Thomas Z. Lys and Shyam V. Sunder},
  journal = {Journal of Accounting and Economics},
  title   = {Earnings Announcement Premia and the Limits to Arbitrage},
  year    = {2007},
  pages   = {153-180},
  volume  = {43},
}

@Article{beaver68,
  author  = {William H. Beaver},
  journal = {Journal of Accounting Research},
  title   = {The Information Content of Annual Earnings Announcements},
  year    = {1968},
  pages   = {67-92},
  volume  = {6},
}

@Article{bk91,
  author  = {Ray Ball and S.P. Kothari},
  journal = {The Accounting Review},
  title   = {Security Returns around Earnings Announcements},
  year    = {1991},
  pages   = {718-738},
  volume  = {66},
}

@Article{sw16,
  author  = {Pavel Savor and Mungo Wilson},
  journal = {Journal of Finance},
  title   = {Earnings Announcements and Systematic Risk},
  year    = {2016},
  pages   = {83-138},
  volume  = {71},
}

@Article{bcdi20,
  author  = {Azi Ben-Rephael and Bruce I. Carlin and Zhi Da and Ryan Israelsen},
  journal = {Journal of Finance},
  title   = {Information Consumption and Asset Pricing},
  year    = {2020},
  pages   = {},
  volume  = {},
}

@Article{dye85,
  author  = {Ronald A. Dye},
  journal = {Journal of Accounting Research},
  title   = {Disclosure of Nonproprietary Information},
  year    = {1985},
  pages   = {123-145},
  volume  = {23},
}

@Article{cdi12,
  author  = {Bruce I. Carlin and Shaun W. Davies and Andrew Iannaccone},
  journal = {American Economic Journal: Microeconomics},
  title   = {Competition, Comparative Performance, and Market Transparency},
  year    = {2012},
  pages   = {202-237},
  volume  = {4},
}

@Article{jk88,
  author  = {Woon-Oh Jung and Young K. Kwon},
  journal = {Journal of Accounting Research},
  title   = {Disclosure When the Market Is Unsure of Information Endowment of Managers},
  year    = {1988},
  pages   = {146-153},
  volume  = {26},
}

@Article{mp85,
  author  = {Steven Matthews and Andrew Postlewaite},
  journal = {RAND Journal of Economics},
  title   = {Quality Testing and Disclosure},
  year    = {1985},
  pages   = {328-340},
  volume  = {16},
}


@Article{milg81,
  author  = {Paul Milgrom},
  journal = {Bell Journal of Economics},
  title   = {Good News and Bad News: Representation Theorems and Applications},
  year    = {1981},
  pages   = {380-391},
  volume  = {12},
}

@Article{gross81,
  author  = {Sanford J. Grossman},
  journal = {Journal of Law and Economics},
  title   = {The Informational Role of Warranties and Private Disclosure about Product Quality},
  year    = {1981},
  pages   = {461-483},
  volume  = {24},
}

@Article{ghart80,
  author  = {Sanford J. Grossman and Oliver D. Hart},
  journal = {Journal of Finance},
  title   = {Disclosure Laws and Takeover Bids},
  year    = {1980},
  pages   = {323-334},
  volume  = {35},
}

@Article{shin03,
  author  = {Hyun S. Shin},
  journal = {Econometrica},
  title   = {Disclosures and Asset Returns},
  year    = {2003},
  pages   = {105-133},
  volume  = {71},
}

@Article{rosenbaum,
  author  = {Rosenbaum, S.},
  journal = {Journal of the Royal Statistical Society, Series B},
  title   = {Moments of a Truncated Bivariate Normal Distribution},
  year    = {1961},
  pages   = {405-408},
  volume  = {23},
}

@Comment{jabref-meta: databaseType:bibtex;}
